<?xml version="1.0" encoding="UTF-8"?>
<collection xmlns:xsi="http://www.w3.org/2001/XMLSchema-instance" xsi:schemaLocation="http://www.loc.gov/MARC21/slim http://www.loc.gov/standards/marcxml/schema/MARC21slim.xsd" xmlns="http://www.loc.gov/MARC21/slim">
<record>
  <leader>01423cam a2200265I  4500</leader>
  <controlfield tag="001">9496363</controlfield>
  <controlfield tag="003">NNC</controlfield>
  <controlfield tag="005">20150817133743.0</controlfield>
  <controlfield tag="008">011204s1928    ua       b    000 0 ara d</controlfield>
  <datafield tag="035" ind1=" " ind2=" ">
    <subfield code="a">(OCoLC)ocm48524420</subfield>
  </datafield>
  <datafield tag="035" ind1=" " ind2=" ">
    <subfield code="a">(OCoLC)48524420</subfield>
  </datafield>
  <datafield tag="035" ind1=" " ind2=" ">
    <subfield code="a">(NNC)9496363</subfield>
  </datafield>
  <datafield tag="040" ind1=" " ind2=" ">
    <subfield code="a">OSU</subfield>
    <subfield code="c">OSU</subfield>
    <subfield code="d">OCLCG</subfield>
  </datafield>
  <datafield tag="041" ind1="0" ind2=" ">
    <subfield code="a">araeng</subfield>
  </datafield>
  <datafield tag="090" ind1=" " ind2=" ">
    <subfield code="a">Z3026</subfield>
    <subfield code="b">.S29</subfield>
  </datafield>
  <datafield tag="100" ind1="1" ind2=" ">
    <subfield code="6">880-01</subfield>
    <subfield code="a">Sarkīs, Yūsuf Ilyān,</subfield>
    <subfield code="d">1856-1932 or 1933.</subfield>
  </datafield>
  <datafield tag="245" ind1="1" ind2="0">
    <subfield code="6">880-02</subfield>
    <subfield code="a">Muʻjam al-maṭbūʻāt al-ʻArabīyah wa-al-muʻarrabah :</subfield>
    <subfield code="b">wa-huwa shāmil li-asmāʼ al-kutub al-marṭbūʻah fī al-aqṭār al-sharqiyyah wa-al-gharbiyyah, maʻa dhikr asmāʼ muʼallifīhā wa-lumʻah min tarjamatihim...1919 mīlādiyah.</subfield>
  </datafield>
  <datafield tag="246" ind1="1" ind2="4">
    <subfield code="a">Dictionary of Arabic printed books from the beginning of Arabic printing until ... 1919 A.D.</subfield>
  </datafield>
  <datafield tag="260" ind1=" " ind2=" ">
    <subfield code="6">880-03</subfield>
    <subfield code="a">Miṣr :</subfield>
    <subfield code="b">Maṭbaʻat Sarkīs,</subfield>
    <subfield code="c">1928.</subfield>
  </datafield>
  <datafield tag="300" ind1=" " ind2=" ">
    <subfield code="a">2 v. ;</subfield>
    <subfield code="c">25 cm.</subfield>
  </datafield>
  <datafield tag="650" ind1=" " ind2="0">
    <subfield code="a">Arabic literature</subfield>
    <subfield code="v">Bio-bibliography.</subfield>
  </datafield>
  <datafield tag="880" ind1="1" ind2=" ">
    <subfield code="6">100-01/r</subfield>
    <subfield code="a">سركيس، يوسف اليان،</subfield>
    <subfield code="d">1856-1932 or 1933.</subfield>
  </datafield>
  <datafield tag="880" ind1="1" ind2="0">
    <subfield code="6">245-02/r</subfield>
    <subfield code="a">معجم المطبوعات العربية و المعربة :</subfield>
    <subfield code="b">و هو شامل لأسماء الكتب المطبوعة في الأقطار الشرقية و الغربية، مع ذكر اسماء. مؤلفيها و لمعة من ترجمتهم...1919 ميلادية.</subfield>
  </datafield>
  <datafield tag="880" ind1=" " ind2=" ">
    <subfield code="6">260-03/r</subfield>
    <subfield code="a">مصر :</subfield>
    <subfield code="b">مطبعة سركيس،</subfield>
    <subfield code="c">1928.</subfield>
  </datafield>
  <datafield tag="955" ind1=" " ind2=" ">
    <subfield code="b">0072492570</subfield>
    <subfield code="d">glx</subfield>
    <subfield code="e">Z3026 .S29 1928g</subfield>
    <subfield code="v">v.1</subfield>
  </datafield>
</record>
</collection>